
%% Refências Mineração de Texto

@article{dikli2006overview,
  title={An overview of automated scoring of essays},
  author={Dikli, Semire},
  journal={The Journal of Technology, Learning and Assessment},
  volume={5},
  number={1},
  year={2006}
}

@inproceedings{reimertext,
  title={Text Mining for Student Assessment},
  author={Reimer, Robert W},
  booktitle={UGRU IT Services, The Seventh Annual UAE University Research Conference}
}

@inproceedings{burstein1998automated,
  title={Automated scoring using a hybrid feature identification technique},
  author={Burstein, Jill and Kukich, Karen and Wolff, Susanne and Lu, Chi and Chodorow, Martin and Braden-Harder, Lisa and Harris, Mary Dee},
  booktitle={Proceedings of the 17th international conference on Computational linguistics-Volume 1},
  pages={206--210},
  year={1998},
  organization={Association for Computational Linguistics}
}

@inproceedings{dong2017attention,
  title={Attention-based recurrent convolutional neural network for automatic essay scoring},
  author={Dong, Fei and Zhang, Yue and Yang, Jie},
  booktitle={Proceedings of the 21st Conference on Computational Natural Language Learning (CoNLL 2017)},
  pages={153--162},
  year={2017}
}

@inproceedings{phandi2015flexible,
  title={Flexible domain adaptation for automated essay scoring using correlated linear regression},
  author={Phandi, Peter and Chai, Kian Ming A and Ng, Hwee Tou},
  booktitle={Proceedings of the 2015 Conference on Empirical Methods in Natural Language Processing},
  pages={431--439},
  year={2015}
}

@inproceedings{islam2010automated,
  title={Automated essay scoring using generalized latent semantic analysis},
  author={Islam, Md Monjurul and Hoque, ASM Latiful},
  booktitle={2010 13th International Conference on Computer and Information Technology (ICCIT)},
  pages={358--363},
  year={2010},
  organization={IEEE}
}

@article{shermis2010automated,
  title={Automated essay scoring: Writing assessment and instruction},
  author={Shermis, Mark D and Burstein, Jill and Higgins, Derrick and Zechner, Klaus},
  journal={International encyclopedia of education},
  volume={4},
  number={1},
  pages={20--26},
  year={2010},
  publisher={Citeseer}
}

@article{attali2006automated,
  title={Automated essay scoring with e-rater{\textregistered} V. 2},
  author={Attali, Yigal and Burstein, Jill},
  journal={The Journal of Technology, Learning and Assessment},
  volume={4},
  number={3},
  year={2006}
}

@article{alikaniotis2016automatic,
  title={Automatic text scoring using neural networks},
  author={Alikaniotis, Dimitrios and Yannakoudakis, Helen and Rei, Marek},
  journal={arXiv preprint arXiv:1606.04289},
  year={2016}
}


%% Referências processamento de imagem
@article{lu1996character,
  title={Character segmentation in handwritten words—an overview},
  author={Lu, Yi and Shridhar, Malayappan},
  journal={Pattern recognition},
  volume={29},
  number={1},
  pages={77--96},
  year={1996},
  publisher={Elsevier}
}

@article{wahl1982block,
  title={Block segmentation and text extraction in mixed text/image documents},
  author={Wahl, Friedrich M and Wong, Kwan Y and Casey, Richard G},
  journal={Computer graphics and image processing},
  volume={20},
  number={4},
  pages={375--390},
  year={1982},
  publisher={Elsevier}
}

@article{hasan2000morphological,
  title={Morphological text extraction from images},
  author={Hasan, Yassin MY and Karam, Lina J},
  journal={IEEE Transactions on Image Processing},
  volume={9},
  number={11},
  pages={1978--1983},
  year={2000},
  publisher={IEEE}
}

